<?xml version="1.0" encoding="UTF-8" ?>
<collection xmlns:xsi="http://www.w3.org/2001/XMLSchema-instance" xsi:schemaLocation="http://www.loc.gov/MARC21/slim http://www.loc.gov/standards/marcxml/schema/MARC21slim.xsd" xmlns="http://www.loc.gov/MARC21/slim">
   <record>
      <leader>     mam a22      a 4500</leader>
      <controlfield tag="001">1686394</controlfield>
      <controlfield tag="003">COO</controlfield>
      <controlfield tag="005">20120606090646.0</controlfield>
      <controlfield tag="008">880105s1955    ti            000 1 ara d</controlfield>
      <datafield tag="035" ind1=" " ind2=" ">
         <subfield code="a">(NIC)notisAHX4858</subfield>
      </datafield>
      <datafield tag="035" ind1=" " ind2=" ">
         <subfield code="a">(OCoLC)10888075</subfield>
      </datafield>
      <datafield tag="035" ind1=" " ind2=" ">
         <subfield code="a">1686394</subfield>
      </datafield>
      <datafield tag="040" ind1=" " ind2=" ">
         <subfield code="a">NjP</subfield>
         <subfield code="c">NjP</subfield>
         <subfield code="d">NIC</subfield>
      </datafield>
      <datafield tag="090" ind1=" " ind2=" ">
         <subfield code="a">PJ7846.A8</subfield>
         <subfield code="b">S8 1955</subfield>
      </datafield>
      <datafield tag="100" ind1="1" ind2=" ">
         <subfield code="a">Masʻadī, Maḥmūd.</subfield>
      </datafield>
      <datafield tag="240" ind1="0" ind2="0">
         <subfield code="a">Sadd</subfield>
      </datafield>
      <datafield tag="245" ind1="1" ind2="3">
         <subfield code="a">al-Sudd :</subfield>
         <subfield code="b">riwāyah fī thamānīyat manāẓir /</subfield>
         <subfield code="c">bi-qalam Maḥmūd al-Masʻadī ; rusūm Ḥātim al-Makkī.</subfield>
      </datafield>
      <datafield tag="260" ind1=" " ind2=" ">
         <subfield code="a">Tūnis :</subfield>
         <subfield code="b">Sharikat al-Nashr li-Shamāl Ifrīqiyā,</subfield>
         <subfield code="c">1955.</subfield>
      </datafield>
      <datafield tag="300" ind1=" " ind2=" ">
         <subfield code="a">202 p. ;</subfield>
         <subfield code="c">21 cm.</subfield>
      </datafield>
      <datafield tag="440" ind1=" " ind2="0">
         <subfield code="a">Silsilat al-muʾallafāt al-adabīyah</subfield>
      </datafield>
      <datafield tag="905" ind1=" " ind2=" ">
         <subfield code="a">19910820120000.0</subfield>
      </datafield>
      <datafield tag="948" ind1="2" ind2=" ">
         <subfield code="a">20100326</subfield>
         <subfield code="b">m</subfield>
         <subfield code="d">batch</subfield>
         <subfield code="e">lts</subfield>
         <subfield code="x">del9XXtxt</subfield>
      </datafield>
      <datafield tag="948" ind1="2" ind2=" ">
         <subfield code="a">20120606</subfield>
         <subfield code="b">m</subfield>
         <subfield code="d">asl96</subfield>
         <subfield code="e">lts</subfield>
      </datafield>
      <datafield tag="995" ind1=" " ind2=" ">
         <subfield code="a">Hivolm</subfield>
         <subfield code="d">20100326</subfield>
      </datafield>
      <datafield tag="903" ind1=" " ind2=" ">
         <subfield code="a">NYUACO</subfield>
         <subfield code="d">20131119</subfield>
         <subfield code="p">31924060316043</subfield>
      </datafield>
      <datafield tag="950" ind1=" " ind2=" ">
         <subfield code="a">PJ7846.A8</subfield>
         <subfield code="b">S9</subfield>
         <subfield code="v"> </subfield>
      </datafield>
   </record>
</collection>
